<record xmlns="http://www.loc.gov/MARC21/slim" xmlns:xsi="http://www.w3.org/2001/XMLSchema-instance" xsi:schemaLocation="http://www.loc.gov/MARC21/slim http://www.loc.gov/standards/marcxml/schema/MARC21slim.xsd">

  <leader>00830nam a2200157Ia 4500</leader>
  <datafield ind1=" " ind2=" " tag="999">
    <subfield code="c">1826</subfield>
    <subfield code="d">1826</subfield>
  </datafield>
  <controlfield tag="008">180426b1999    cr ||||| |||| 00| | spa d</controlfield>
  <datafield ind2=" " ind1=" " tag="090">
    <subfield code="a">06.03.06</subfield>
    <subfield code="b"> 708</subfield>
  </datafield>
  <datafield tag="100" ind2=" " ind1="1">
    <subfield code="a">Vega Miranda, Alexander</subfield>
    <subfield code="9">240</subfield>
  </datafield>
  <datafield tag="245" ind1="1" ind2="3">
    <subfield code="a">La excelencia académica en las carreras universitarias.  Caso :  carrera de administración de negocios.  Universidad de Costa Rica</subfield>
  </datafield>
  <datafield ind2=" " ind1=" " tag="260">
    <subfield code="a">San José, Costa Rica : </subfield>
    <subfield code="b"> IIMEC, </subfield>
    <subfield code="c">1999</subfield>
  </datafield>
  <datafield ind2=" " ind1=" " tag="300">
    <subfield code="a">64 páginas</subfield>
  </datafield>
  <datafield tag="500" ind2=" " ind1=" ">
    <subfield code="a">Informe Final de Investigación Proyecto  724-98-316</subfield>
  </datafield>
  <datafield tag="520" ind2=" " ind1=" ">
    <subfield code="a">El objetivo de esta investigación fue determinar, a partir  de un enfoque cualitativo, cómo conceptualizan, estudiantes y docentes, la excelencia académica en las carreras universitarias, concretamente en la Escuela de Administración de Negocios (EAN) </subfield>
  </datafield>
  <datafield tag="610" ind1="2" ind2="4">
    <subfield code="a">UNIVERSIDAD DE COSTA RICA</subfield>
    <subfield code="9">714</subfield>
  </datafield>
  <datafield tag="650" ind1="1" ind2="4">
    <subfield code="a">EDUCACIÓN SUPERIOR</subfield>
    <subfield code="9">8</subfield>
  </datafield>
  <datafield ind2=" " ind1=" " tag="942">
    <subfield code="2">z</subfield>
    <subfield code="c">04</subfield>
  </datafield>
</record>